IEEE generated 
@INPROCEEDINGS{VM:placementalgo, 
author={Mills, K. and Filliben, J. and Dabrowski, C.}, 
booktitle={Cloud Computing Technology and Science (CloudCom), 2011 IEEE Third International Conference on}, 
title={Comparing {VM}-Placement Algorithms for On-Demand Clouds}, 
year={2011}, 
pages={91-98}, 
doi={10.1109/CloudCom.2011.22},}

@INPROCEEDINGS{firstfit, 
author={Keller, G. and Tighe, M. and Lutfiyya, H. and Bauer, M.}, 
booktitle={Network and service management ({CNSM}), 2012 8th international conference and 2012 workshop on systems virtualization management ({SVM})}, 
title={An analysis of first fit heuristics for the virtual machine relocation problem}, 
year={2012}, 
pages={406-413}, 
}

IEEE generated
@INPROCEEDINGS{dcsim:paper, 
  author	=	"Tighe, M. and Keller, G. and Bauer, M. and Lutfiyya, H.", 
  booktitle =	"Network and service management ({CNSM}), 2012 8th international conference and 2012 workshop on systems virtualization management ({SVM})", 
  title		=	"{DCS}im: A data centre simulation tool for evaluating dynamic virtualized resource management", 
  year		=	"2012", 
  pages		=	"385-392",
}

@article{pbf,
  author	= "Weicheng Huai and Zhuzhong Qian and Xin Li and Gangyi Luo and Sanglu Lu",
  title		= "Energy Aware Task Scheduling in Data Centers",
  pages	= "18-38",
  journal	= "Journal of Wireless Mobile Networks, Ubiquitous Computing, and Dependable Applications ({JoWUA})",
  volume 	= "4",
  number	= "2",
  month 	= "June",
  year	= "2013"
  }

@article{datacenter:energy-use,
  author        = "Tschudi William and Sreedharan Priya and Xu Tengfang and Coup David and Roggensack Paul",
  title         = "Data centers and Energy Use - Let's Look at the Data",
  journal       = "ACEEE 2003",
  year          = "2003",
}

@article{datacenter:resourcemanag,
  author        = "Anton Beloglazov and Rajkumar Buyya",
  title         = "Energy Efficient Resource Management in Virtualized Cloud Data Centers",
  journal       = "Proceedings of the 2010 10th IEEE/ACM International Conference on Cluster, Cloud and Grid Computing",
  year          = "2010",
}

@article{cloudcomputing:allocation,
  author        = "Gihun Jung and Kwang Mong Sim",
  title         = "Location-Aware Dynamic Resource Allocation Model for Cloud Computing Environment",
  journal       = "2012 International Conference on Information and Computer Applications (ICICA) IPCSIT",
  volume        = "24",
  year          = "2012",
  publisher     = "IACSIT Press",
  address       = "Singapore",

}

@article{cloudcomputing:comparison,
  author        = "Malhotra Rahul and Jain Prince",
  title         = "Study and Comparison of Various Cloud Simulators Available in the Cloud Computing",
  journal       = "International Journal of Advanced Research in Computer Science and Software Engineering",
  volume        = "3",
  number        = "9",
  month			= "September",
  year          = "2013",
  pages         = "347-350",
}

@article{simulators,
  author        = "Wei Zhao and Yong Peng and Feng Xie and Zhonghua Dai",
  title         = "Modeling and Simulation of Cloud Computing: A Review",
  journal       = "IEEE Asia Pacific Cloud Computing Congress (APCloudCC)",
  year          = "2012",
}

@electronic{dcsim:slideshow,
  author        = "Michael Tighe and Gaston Keller and Michael Bauer and Hanan Lutfiyya",
  title         = "A Data Centre Simulation Tool for Dynamic Virtualized Resource Provisioning",
url           = "http://www.dmtf.org/sites/default/files/svm2012_presentation1.pdf",
  year          = "2012",
  month			= "April",
  pages			= "11",
  address		= "Western Science University Canada",
}

@article{dcsim:paper2,
  author        = "Michael Tighe and Gaston Keller and Jamil Shamy and Michael Bauer and Hanan Lutfiyya",
  title         = "Towards an Improved Data Centre Simulation with {DCS}im",
  journal		= "9th {CNSM} 2013: Workshop {SVM} 2013",
  year          = "2013",
  pages			= "364-372",
}

@electronic{spec2006,
title = "{SPEC CPU}2006 benchmark",
url = "http://www.spec.org/cpu2006/",
note = {Accessed: 2013-12-04}
}

@electronic{virtualwall,
title = "{UG}ent {V}irtual {W}all",
url = "http://www.ibcn.intec.ugent.be/content/ilabt-virtual-wall",
note = {Accessed: 2013-11-23}
}

@electronic{opennebula,
	title = "Open{N}ebula",
	url = "http://opennebula.org/about:about",
	note = {Accessed: 2013-10-29}
}

@electronic{vw-CPU:maxusage,
	title = "Intel {X}eon {P}rocessor {E}5620 Datasheet",
	url = "http://www.intel.com/content/dam/www/public/us/en/documents/specification-updates/xeon-5600-specification-update.pdf",
	note = {Accessed: 2013-12-03}
}

@electronic{vw-CPU:idleusage,
	title = "Intel {X}eon {P}rocessor {E}5600 series",
	url = "http://www.intel.com/content/www/us/en/processors/xeon/xeon-5600-brief.html",
	note = {Accessed: 2013-12-03}
}

@electronic{collectl,
	title = "{C}ollectl",
	url = "http://collectl.sourceforge.net/",
	note = {Accessed: 2013-12-02}
}

@electronic{graphite,
	title = "{G}raphite",
	url = "http://graphite.wikidot.com/",
	note = {Accessed: 2013-12-02}
}

@electronic{mmsched,
	title = "Source code of OpenNebula's default scheduler, \texttt{mm\_sched}",
	url = "https://github.com/OpenNebula/one/blob/master/src/scheduler/src/sched/mm_sched.cc",
	note = {Accessed: 2013-12-10}
}

@electronic{ttylinux,
	title = "ttylinux, a tiny linux distribution",
	url = "http://ttylinux.net/",
	note = {Accessed: 2013-11-23}
}

@INPROCEEDINGS{6380046, 
	author={Tighe, M. and Keller, G. and Bauer, M. and Lutfiyya, H.}, 
	booktitle={Conference on Network and service management ({CNSM}), 2012 8th international conference and 2012 workshop on systems virtualization management ({SVM})}, 
	title={{DCS}im: A data centre simulation tool for evaluating dynamic virtualized resource management}, 
	year={2012}, 
	pages={385-392}, 
	keywords={cloud computing;computer centres;resource allocation;virtual machines;virtualisation;DCSim;Infrastructure as a Service cloud;VM reallocation;data centre simulation tool;dynamic resource provisioning;dynamic virtualized resource management;server utilization;virtual machines;virtualization;Computational modeling;Data models;Heuristic algorithms;Load modeling;Resource management;Servers;Cloud;Data Centre;Infrastructure as a Service;Simulator;Virtualization},}
