@online{SILInt,
  author = {SIL International},
  title = {Linguistics in SIL},
  year = 2015,
  url = {http://www-01.sil.org/linguistics/wordlists/english/},
  urldate = {2015-02-20}
}

@online{SuffixTree,
  author = {Jeff Donner},
  title = {SuffixTree},
  year = 2013,
  url = {https://github.com/JDonner/SuffixTree},
  urldate = {2015-02-20}
}


@online{HPCUGent,
  author = {HPC},
  title = {HPC UGent},
  year = 2014,
  url = {https://www.ugent.be/hpc/en/infrastructure},
  urldate = {2015-02-20}
}

@book{biblecode,
    author = {Drosnin, Michael},
    title = {The Bible Code},
    date = {1997},
    publisher = {Touchstone}
}
