@article{uniprot2014uniprot,
  title={UniProt: a hub for protein information},
  author={UniProt Consortium and others},
  journal={Nucleic Acids Research},
  pages={gku989},
  year={2014},
  publisher={Oxford University Press}
}

@article{mesuere2012unipept,
    title={Unipept: tryptic peptide-based biodiversity analysis of
        metaproteome samples},
    author={Mesuere, Bart and Devreese, Bart and Debyser, Griet
        and Aerts, Maarten and Vandamme, Peter and Dawyndt,
        Peter},
    journal={Journal of proteome research},
    volume={11},
    number={12},
    pages={5773--5780},
    year={2012},
    publisher={ACS Publications}
}

@article{altschul1990basic,
  title={Basic local alignment search tool},
  author={Altschul, Stephen F and Gish, Warren and Miller, Webb and Myers, 
  Eugene W and Lipman, David J},
  journal={Journal of molecular biology},
  volume={215},
  number={3},
  pages={403--410},
  year={1990},
  publisher={Elsevier}
}

@article{rho2010fraggenescan,
  title={FragGeneScan: predicting genes in short and error-prone reads},
  author={Rho, Mina and Tang, Haixu and Ye, Yuzhen},
  journal={Nucleic acids research},
  volume={38},
  number={20},
  pages={e191--e191},
  year={2010},
  publisher={Oxford Univ Press}
}

@misc{lh3/w4:online,
author = {Li, H},
title = {lh3/wgsim},
howpublished = {\url{https://github.com/lh3/wgsim}},
month = {},
year = {}
}

@article{uniprot2014uniprot,
  title={UniProt: a hub for protein information},
  author={UniProt Consortium and others},
  journal={Nucleic Acids Research},
  pages={gku989},
  year={2014},
  publisher={Oxford University Press}
}


@misc{BIGN3:online,
author = {},
title = {BIG N2N annual symposium | From Nucleotides to Networks},
howpublished = {\url{http://www.bign2n.ugent.be/node/239}},
month = {},
year = {},
note = {(Visited on 05/22/2015)}
}