@misc{alist,
author = {},
title = {15.6. Association Lists},
howpublished = {\url{https://www.cs.cmu.edu/Groups/AI/html/cltl/clm/node153.html}},
}

@misc{ALIST6:online,
author = {},
title = {ALISTP.html -- ACL2 Version 6.3},
howpublished = {\url{http://www.cs.utexas.edu/users/moore/acl2/v6-3/ALISTP.html}},
month = {},
year = {},
}

@misc{ASSOC8:online,
author = {},
title = {ASSOC.html -- ACL2 Version 6.3},
howpublished = {\url{http://www.cs.utexas.edu/users/moore/acl2/v6-3/ASSOC.html}},
month = {},
year = {},
}