@article{cingolanijfuzzylogic,
  title={jFuzzyLogic: a Java Library to Design Fuzzy Logic Controllers According to the Standard for Fuzzy Control Programming},
  author={Cingolani, Pablo and Alcal{\'a}-Fdez, Jes{\'u}s},
  booktitle={International Journal of Computational Intelligence Systems},
  pages={61--75},
  year={2013}
}

@inproceedings{cingolani2012jfuzzylogic,
  title={jFuzzyLogic: a robust and flexible Fuzzy-Logic inference system language implementation},
  author={Cingolani, Pablo and Alcala-Fdez, Jesus},
  booktitle={Fuzzy Systems (FUZZ-IEEE), 2012 IEEE International Conference on},
  pages={1--8},
  year={2012},
  organization={IEEE}
}

@misc{fcl,
  author        = {Working Group IEC},
  title         = {IEC 1131 - PROGRAMMABLE CONTROLLERS: Part 7 - Fuzzy Control Programming},
  year          = {1997},
  note          = {\url{http://jfuzzylogic.sourceforge.net/html/pdf/iec_1131_7_cd1.pdf}}
}

@misc{jfuzzylogic,
  author        = {Cingolani, Pablo},
  title         = {jFuzzyLogic},
  note          = {\url{http://jfuzzylogic.sourceforge.net/html/index.html}}
}
