@article{vyverman2015long,
  title={A Long Fragment Aligner called ALFALFA},
  author={Vyverman, Micha{\"e}l and Baets, Bernard D and Fack, Veerle and 
  Dawyndt, Peter},
  journal={BMC Bioinformatics},
  volume={16},
  number={1},
  pages={159},
  year={2015},
  publisher={BioMed Central Ltd}
}

@misc{Hideo0:online,
author = {},
title = {Hideo Bannai},
howpublished = {\url{http://www.i.kyushu-u.ac.jp/~bannai/}},
month = {},
year = {}
}

@article{wood2014kraken,
  title={Kraken: ultrafast metagenomic sequence classification using exact 
  alignments},
  author={Wood, Derrick E and Salzberg, Steven L},
  journal={Genome Biol},
  volume={15},
  number={3},
  pages={R46},
  year={2014}
}

@misc{Hideo1:online,
author = {},
title = {Misc Software},
howpublished = {\url{http://www.i.kyushu-u.ac.jp/~bannai/software/misc/}},
month = {},
year = {}
}

@article{uniprot2014uniprot,
  title={UniProt: a hub for protein information},
  author={UniProt Consortium and others},
  journal={Nucleic Acids Research},
  pages={gku989},
  year={2014},
  publisher={Oxford University Press}
}


@article{lcabenderfarach,
    author = {Michael A. Bender and Martín Farach-colton and Giridhar Pemmasani 
    and Steven Skiena and Pavel Sumazin},
    title = {Lowest common ancestors in trees and directed acyclic graphs},
    journal = {J. Algorithms},
    year = {2005},
    volume = {57},
    pages = {18}
}

@article{mesuere2012unipept,
    title={Unipept: tryptic peptide-based biodiversity analysis of
        metaproteome samples},
    author={Mesuere, Bart and Devreese, Bart and Debyser, Griet
        and Aerts, Maarten and Vandamme, Peter and Dawyndt,
        Peter},
    journal={Journal of proteome research},
    volume={11},
    number={12},
    pages={5773--5780},
    year={2012},
    publisher={ACS Publications}
}

@article{mesuere2014unipept,
    title={The Unipept Metaproteomics Analysis Pipeline},
    author={Mesuere, Bart and Debyser, Griet and Aerts, Maarten
        and Devreese, Bart and Vandamme, Peter and Dawyndt,
        Peter},
    journal={Proteomics},
    volume={15},
    year={2015},
    pages={1437--1442},
    publisher={Wiley Online Library}
}

@book{toonthesis,
    author = {Toon Willems},
    title = {Evolutionaire reconstructie door clustering van het bacteriele 
    peptidoom},
    date = {mei 2014},
}


@book{felixthesis,
    author = {Felix Van der Jeugt},
    title = {Optimaliseren van de Unipept Shotgun Metaproteomics Analysis 
    Pipeline},
    date = {mei 2015},
}

@misc{taxa2lca:online,
author = {},
title = {taxa2lca | Unipept},
howpublished = {\url{http://unipept.ugent.be/apidocs/taxa2lca}},
month = {},
year = {}
}

@misc{Unipeptapi,
    author = {},
    title = {Unipept API | Unipept},
    howpublished = {\url{http://unipept.ugent.be/apidocs}},
    month = {},
    year = {}
}

@misc{Biopy8:online,
author = {},
title = {Biopython - Biopython},
howpublished = {\url{http://biopython.org/wiki/Main_Page}},
month = {},
year = {}
}

@misc{Bio.E7:online,
author = {},
title = {Bio.Entrez},
howpublished = 
{\url{http://biopython.org/DIST/docs/api/Bio.Entrez-module.html}},
month = {},
year = {}
}

@misc{Uniprotredun:online,
author = {},
title = {What is a redundant proteome? Can reference proteomes become 
redundant? Can reviewed entries be deleted because of the proteome redundancy 
reduction?},
howpublished = {\url{http://www.uniprot.org/help/proteome_redundancy_faq}},
month = {},
year = {}
}

@misc{lh3/w4:online,
author = {Li, H},
title = {lh3/wgsim},
howpublished = {\url{https://github.com/lh3/wgsim}},
month = {},
year = {}
}

@article{rho2010fraggenescan,
  title={FragGeneScan: predicting genes in short and error-prone reads},
  author={Rho, Mina and Tang, Haixu and Ye, Yuzhen},
  journal={Nucleic acids research},
  volume={38},
  number={20},
  pages={e191--e191},
  year={2010},
  publisher={Oxford Univ Press}
}

@misc{Retri1:online,
author = {},
title = {Retrieve / ID mapping},
howpublished = {\url{http://www.uniprot.org/help/uploadlists}},
month = {},
year = {}
}

@misc{typho7:online,
    author = {},
    title = {typhoeus/typhoeus},
    howpublished = {\url{https://github.com/typhoeus/typhoeus}},
    month = {},
    year = {}
}

@misc{typhoqueuefront:online,
    author = {},
    title = {Module: Typhoeus::Hydra::Queueable - Documentation for 
    typhoeus/typhoeus (master)},
    howpublished  = 
    {\url{http://www.rubydoc.info/github/typhoeus/typhoeus/Typhoeus/Hydra/Queueable:queue_front}},
    month = {},
    year = {}
}

@misc{Boots1:online,
    author = {},
    title = {Bootstrap · The world's most popular mobile-first and responsive  
    front-end framework.},
    howpublished = {\url{http://getbootstrap.com/}},
    month = {},
    year = {}
}

@misc{bootscarrousel:online,
    author = {},
    title = {bootstrap/carousel.js at master - twbs/bootstrap},
    howpublished = 
    {\url{https://github.com/twbs/bootstrap/blob/master/js/carousel.js}},
    month = {},
    year = {}
}

@misc{jQueryChaining:online,
    author = {},
    title = {jQuery Chaining},
    howpublished = {\url{http://www.w3schools.com/jquery/jquery_chaining.asp}},
    month = {},
    year = {}
}

@misc{d3treeseperation:online,
    author = {},
    title = {Tree Layout - mbostock/d3 Wiki},
    howpublished = 
    {\url{https://github.com/mbostock/d3/wiki/Tree-Layout\#separation}},
    month = {},
    year = {}
}

@misc{d3arc:online,
    author = {},
    title = {SVG Shapes - mbostock/d3 Wiki},
    howpublished = {\url{https://github.com/mbostock/d3/wiki/SVG-Shapes\#arc}},
    month = {},
    year = {}
}

@misc{ncbitaxonomy:online,
    author = {},
    title = {Taxonomy browser (root)},
    howpublished = 
    {\url{http://www.ncbi.nlm.nih.gov/Taxonomy/Browser/wwwtax.cgi}},
    month = {},
    year = {}
}

@misc{D3.js6:online,
    author = {},
    title = {D3.js - Data-Driven Documents},
    howpublished = {\url{http://d3js.org/}},
    month = {},
    year = {}
}
