
@book{ book1,
  author = {Andrew W. Appel},
  title = {Modern Compiler Implementation in C},
  year = 1998,
  publisher = {Cambridge University Press}
}

@manual{ skipped1,
author = {NA},
title = {NA},
year = {NA},
publisher = {NA}
}

@article{ article1,
  author = {Andrew W. Appel and Trevor Jim},
  title = {Shrinking lambda expressions in linear time},
  journal = {Journal of Functional Programming},
  volume = {7},
  number = {5},
  year = {1997},
  issn = {0956-7968},
  pages = {515--540},
  doi = {http://dx.doi.org/10.1017/S0956796897002839},
  publisher = {Cambridge University Press},
  address = {New York, NY, USA}
}

@inproceedings{ conference1,
  author = "Matthias Blume and Andrew W. Appel",
  title = "Lambda-Splitting: A Higher-Order Approach to Cross-Module Optimizations",
  booktitle = "International Conference on Functional Programming",
  pages = "112--124",
  month = "Jan",
  year = "1997",
  url = "citeseer.ist.psu.edu/blume97lambdasplitting.html" }

